@Manual{R-okcupiddata,
  title = {okcupiddata: OkCupid Profile Data for Introductory Statistics and Data
Science Courses},
  author = {Albert Y. Kim and Adriana Escobedo-Land},
  year = {2016},
  note = {R package version 0.1.0},
  url = {https://CRAN.R-project.org/package=okcupiddata},
}

@Manual{R-dplyr,
  title = {dplyr: A Grammar of Data Manipulation},
  author = {Hadley Wickham and Romain Francois and Lionel
    Henry and Kirill MÃ¼ller},
  year = {2017},
  note = {R package version 0.7.3},
  url = {https://CRAN.R-project.org/package=dplyr},
}

@Manual{R-ggplot2,
  title = {ggplot2: Create Elegant Data Visualisations Using
    the Grammar of Graphics},
  author = {Hadley Wickham and Winston Chang},
  year = {2016},
  note = {R package version 2.2.1},
  url = {https://CRAN.R-project.org/package=ggplot2},
}

@Manual{R-knitr,
  title = {knitr: A General-Purpose Package for Dynamic Report
    Generation in R},
  author = {Yihui Xie},
  year = {2017},
  note = {R package version 1.17},
  url = {https://CRAN.R-project.org/package=knitr},
}

@Manual{R-mosaic,
  title = {mosaic: Project MOSAIC Statistics and Mathematics
    Teaching Utilities},
  author = {Randall Pruim and Daniel T. Kaplan and Nicholas J.
    Horton},
  year = {2017},
  note = {R package version 1.1.0},
  url = {https://CRAN.R-project.org/package=mosaic},
}

@Manual{R-nycflights13,
  title = {nycflights13: Flights that Departed NYC in 2013},
  author = {Hadley Wickham},
  year = {2017},
  note = {R package version 0.2.2},
  url = {https://CRAN.R-project.org/package=nycflights13},
}
